@incollection{aschoff1965,
  title = {Circadian vocabulary: a recommended terminology with definitions},
  shorttitle = {Circadian vocabulary},
  booktitle = {Circadian clocks},
  author = {Aschoff, JÃ¼rgen and Klotter, K. and Wever, R.},
  date = {1965},
  publisher = {{North-Holland}},
  langid = {english}
}
